@article{duan2022faster,
  title={Faster Matrix Multiplication via Asymmetric Hashing},
  author={Duan, Ran and Wu, Hongxun and Zhou, Renfei},
  journal={arXiv preprint arXiv:2210.10173},
  year={2022}
}

@article{bini1979n2,
  title={{$O(n^{2.7799})$} complexity for matrix multiplication. {Strassen} algorithm is not optimal},
  author={Bini, D and Capovani, M and Lotti, G and Romani, F},
  journal={Inform. Process. Lett},
  volume={8},
  number={5},
  pages={234--235},
  year={1979}
}

@inproceedings{blaeser1999lower,
  title={A $5/2n^2$-lower bound for the rank of $n \times n$-matrix multiplication over arbitrary fields},
  author={Bl{\"a}ser, Markus},
  booktitle={40th Annual Symposium on Foundations of Computer Science (Cat. No. 99CB37039)},
  pages={45--50},
  year={1999},
  organization={IEEE}
}

@article{blaeser2013fast,
  title={Fast matrix multiplication},
  author={Bl{\"a}ser, Markus},
  journal={Theory of Computing},
  pages={1--60},
  year={2013},
  publisher={Theory of Computing Exchange}
}

@article{burichenko2014symmetries,
  title={On symmetries of the {Strassen} algorithm},
  author={Burichenko, Vladimir P},
  journal={arXiv preprint arXiv:1408.6273},
  year={2014}
}

@article{grochow2017designing,
  title={Designing {Strassen's} algorithm},
  author={Grochow, Joshua A and Moore, Cristopher},
  journal={arXiv preprint arXiv:1708.09398},
  year={2017}
}

@article{ikenmeyer2019strassen,
  title={Strassen’s $2 \times 2$ matrix multiplication algorithm: a conceptual perspective},
  author={Ikenmeyer, Christian and Lysikov, Vladimir},
  journal={Annali dell' Università di Ferrara},
  volume={65},
  number={2},
  pages={241--248},
  year={2019},
  publisher={Springer}
}

@phdthesis{stothers2010complexity,
  title={On the complexity of matrix multiplication},
  author={Stothers, Andrew James},
  year={2010},
  school={The University of Edinburgh}
}

@article{pan1984how,
  title={How can we speed up matrix multiplication?},
  author={Pan, Victor},
  journal={SIAM review},
  volume={26},
  number={3},
  pages={393--415},
  year={1984},
  publisher={SIAM}
}

@article{landsberg2008geometry,
  title={Geometry and the complexity of matrix multiplication},
  author={Landsberg, J},
  journal={Bulletin of the American Mathematical Society},
  volume={45},
  number={2},
  pages={247--284},
  year={2008}
}

@article{strassen1969gaussian,
  title={Gaussian elimination is not optimal},
  author={Strassen, Volker},
  journal={Numerische mathematik},
  volume={13},
  number={4},
  pages={354--356},
  year={1969}
}

@article{winograd1971multiplication,
  title={On multiplication of $2 \times 2$ matrices},
  author={Winograd, Shmuel},
  journal={Linear algebra and its applications},
  volume={4},
  number={4},
  pages={381--388},
  year={1971},
  publisher={North-Holland}
}
