@Article{li2022efficient,
  author       = {Jie Li and Okko Makkonen and Camilla Hollanti and Oliver W. Gnilke},
  date         = {2022-03},
  journaltitle = {{IEEE} Journal on Selected Areas in Communications},
  title        = {Efficient Recovery of a Shared Secret via Cooperation: Applications to {SDMM} and {PIR}},
  doi          = {10.1109/JSAC.2022.3142366},
  eprint       = {2106.05785},
  eprintclass  = {cs.IT},
  eprinttype   = {arXiv},
  number       = {3},
  pages        = {871--884},
  volume       = {40},
  publisher    = {Institute of Electrical and Electronics Engineers ({IEEE})},
}

@InProceedings{makkonen2022analog,
  author      = {Okko Makkonen and Camilla Hollanti},
  booktitle   = {2022 {IEEE} International Symposium on Information Theory ({ISIT})},
  date        = {2022-06},
  title       = {Analog Secure Distributed Matrix Multiplication over Complex Numbers},
  doi         = {10.1109/isit50566.2022.9834873},
  eprint      = {2202.03352},
  eprintclass = {cs.CR},
  eprinttype  = {arXiv},
  publisher   = {{IEEE}},
}

@Article{makkonen2022general,
  author      = {Okko Makkonen and Camilla Hollanti},
  date        = {2022-05},
  title       = {General Framework for Linear Secure Distributed Matrix Multiplication with Byzantine Servers},
  eprint      = {2205.07052},
  eprintclass = {cs.IT},
  eprinttype  = {arXiv},
}

@MastersThesis{makkonen2022new,
  author      = {Okko Makkonen},
  date        = {2022},
  institution = {Aalto University. School of Science},
  title       = {{New Schemes for Secure Distributed Matrix Multiplication: Cooperative and Analog SDMM}},
  language    = {English},
  pages       = {78 + 4},
  type        = {Master's thesis},
  url         = {http://urn.fi/URN:NBN:fi:aalto-202203272571},
}
